@misc{Feloni,
	title =         {{20 years from now, regular people will have the personal assistants currently reserved for the rich and famous - through tech.}},
	author =        {Feloni, R.},
	publisher =     {Business insider},
	howpublished =  {\url{https://nordic.businessinsider.com/ai-assistants-will-run-our-lives-20-years-from-now-2018-1?r=US&IR=T}"},
	year =          {2018},
	note = "[Online; accessed 06-December-2018]"
} 

@misc{USC,
	title =         {{Practice Problem: Urban Sound Challenge.}},
	author =        {Analytics Vidhya},
	publisher =     {Analytics Vidhya},
	howpublished =  {\url{https://datahack.analyticsvidhya.com/contest/practice-problem-urban-sound-classification/}},
	year =          {2017},
	note = "[Online; accessed 06-December-2018]"
} 

@misc{Medium,
	title =         {{How to do Speech Recognition with Deep Learning.}},
	author =        {Adam Geitgey},
	publisher =     {Medium},
	howpublished =  {\url{https://medium.com/@ageitgey/machine-learning-is-fun-part-6-how-to-do-speech-recognition-with-deep-learning-28293c162f7a}},
	year =          {2016},
	note = "[Online; accessed 06-December-2018]"
} 

@ARTICLE{spectrograms,
	title =         {Speech Technology: A Practical Introduction.},
	author =        {Prahallad, K.},
	publisher =     {International Institute of Information Technology Hyderabad},
	year =          {2015},
} 

@misc{mfcc,
	title =         {{Mel Frequency Cepstral Coefficient (MFCC) tutorial.}},
	author =        {James Lyons},
	publisher =     {Practical Cryptography},
	howpublished =  {\url{http://practicalcryptography.com/miscellaneous/machine-learning/guide-mel-frequency-cepstral-coefficients-mfccs/}},
	year =          {2013},
	note = "[Online; accessed 06-December-2018]"
} 

@misc{pooling,
	title =         {{Convolutional Neural Networks for Visual Recognition.}},
	author =        {James Lyons},
	publisher =     {Practical Cryptography},
	howpublished =  {\url{http://cs231n.github.io/convolutional-networks/}},
	year =          {2013},
	note = "[Online; accessed 06-December-2018]"
} 

@BOOK{GriffQuan,
   title =     {Introduction to quantum mechanics},
   author =    {Griffiths, D.J.},
   publisher = {Pearson PH},
   isbn =      {0131911759},
   year =      {2005},
   edition =   {2nd Edition},
}

@ARTICLE{BootstrapEfron,
    title =         {Bootstrap Methods: Another Look at the Jackknife},
    author =        {Efron, B.},
    doi =           {10.1214/aos/1176344552},
    journal =       {The Annals of Statistics},
    publisher =     {The Institute of Mathematical Statistics},
    howpublished =  {\url{https://doi.org/10.1214/aoms/1177729893}},
    volume =        {7},
    year =          {1979},
} 

@BOOK{hastie01statisticallearning,
	added-at = {2008-05-16T16:17:42.000+0200},
	address = {New York, NY, USA},
	author = {Hastie, Trevor and Tibshirani, Robert and Friedman, Jerome},
	biburl = {https://www.bibsonomy.org/bibtex/2f58afc5c9793fcc8ad8389824e57984c/sb3000},
	interhash = {d585aea274f2b9b228fc1629bc273644},
	intrahash = {f58afc5c9793fcc8ad8389824e57984c},
	keywords = {ml statistics},
	publisher = {Springer New York Inc.},
	series = {Springer Series in Statistics},
	timestamp = {2008-05-16T16:17:43.000+0200},
	title = {The Elements of Statistical Learning},
	year = 2001
}