@BOOK{GriffQuan,
   title =     {Introduction to quantum mechanics},
   author =    {Griffiths, D.J.},
   publisher = {Pearson PH},
   isbn =      {0131911759},
   year =      {2005},
   edition =   {2nd Edition},
}

@ARTICLE{BootstrapEfron,
    title =         {Bootstrap Methods: Another Look at the Jackknife},
    author =        {Efron, B.},
    doi =           {10.1214/aos/1176344552},
    journal =       {The Annals of Statistics},
    publisher =     {The Institute of Mathematical Statistics},
    howpublished =  {\url{https://doi.org/10.1214/aoms/1177729893}},
    volume =        {7},
    year =          {1979},
} 